@article{VarmaZisserman,
 author = {Varma, Manik and Zisserman, Andrew},
 title = {A Statistical Approach to Texture Classification from Single Images},
 journal = {Int. J. Comput. Vision},
 volume = {62},
 issue = {1-2},
 month = {April},
 year = {2005},
 issn = {0920-5691},
 pages = {61--81},
 numpages = {21},
 url = {http://dx.doi.org/10.1007/s11263-005-4635-4},
 doi = {http://dx.doi.org/10.1007/s11263-005-4635-4},
 acmid = {1030146},
 publisher = {Kluwer Academic Publishers},
 address = {Hingham, MA, USA},
 keywords = {3D textures, filter banks, material classification, rotation invariance, textons},
} 

@article{Broadhurst,
 author = {Robert E. Broadhurst},
 title = {Statistical Estimation of Histogram Variation for Texture Classification},
 journal = {Texture 2005: Proceedings of the 4th International Workshop on Texture Analysis and Synthesis},
 year = {2005},
 pages = {25--30},
 numpages = {6},
}

@PhDThesis{Targhi,
	author = {Alizera Tavakoli Targhi},
	title = {Texture Classification with Minimal Training Images},
	school = {KTH School of Computer Science and Communication},
	pages = {99--114},
	numpages = {16},
	year = {2009},
}

@Book{DigitalModeling,
	title = {Digital Modeling of Material Appearance},
	author = {Julie Dorsey and Holly Rushmeier and Fran\c{c}ois Sillion},
	year = {2008},
	publisher = {Morgan Kaufmann Publishers}
}

@Book{ComputerGraphics,
	title = {Computer Graphics, Principles and Practice},
	author = {Foley and Van Dam and Feiner and Hughes},
	year = {1996},
	publisher = {Addison-Wesley Publishing Company},
	isbn = {ISBN 0-321-21056-5}
}

@article{TorranceSparrow,
	author = {K. Torrance and E. Sparrow},
	title = {Theory for off-specular reflection from rough surfaces.},
	year = {1967},
	journal = {Journal of the Optical Society of America}
}

@article{OrenNayar,
	author = {Michael Oren and Shree K. Nayar},
	title = {Generalization of Lambert's Reflectance Model},
	year = {1994},
	journal = {SIGGRAPH. pp.239-246}
}

@article{Phong,
	author = {Bui Tuong Phong},
	title = {Illumination For Computer Generated Pictures},
	year = {1975},
	journal = {Communications of ACM 18}
}
